<?xml version="1.0" encoding="UTF-8"?><collection><record><leader>04648ntm a2200529 a 4500</leader><controlfield tag="001">006837230</controlfield><controlfield tag="003">MiAaHDL</controlfield><controlfield tag="005">20190719000000.0</controlfield><controlfield tag="006">m        d        </controlfield><controlfield tag="007">cr bn ---auaua</controlfield><controlfield tag="008">090709s16uu    xx            00| ||ota d</controlfield><datafield tag="035" ind1=" " ind2=" "><subfield code="a">(MiU)006837230</subfield></datafield><datafield tag="035" ind1=" " ind2=" "><subfield code="a">sdr-miu006837230</subfield></datafield><datafield tag="040" ind1=" " ind2=" "><subfield code="a">MiU</subfield><subfield code="c">MiU</subfield><subfield code="e">amremm</subfield></datafield><datafield tag="043" ind1=" " ind2=" "><subfield code="a">n-us-mi</subfield></datafield><datafield tag="100" ind1="0" ind2=" "><subfield code="6">880-01</subfield><subfield code="a">Vefa,</subfield><subfield code="c">Şeyh,</subfield><subfield code="d">-1490.</subfield></datafield><datafield tag="245" ind1="1" ind2="0"><subfield code="6">880-03</subfield><subfield code="a">Ruzname-yi hazret-i Şeyh Vefa,</subfield><subfield code="f">[17th century?].</subfield></datafield><datafield tag="246" ind1="3" ind2="8"><subfield code="a">Ruzname-i-Hazret-i-Sheykh Vefa</subfield></datafield><datafield tag="260" ind1=" " ind2=" "><subfield code="c">[16--?].</subfield></datafield><datafield tag="300" ind1=" " ind2=" "><subfield code="a">8 leaves :</subfield><subfield code="b">paper ;</subfield><subfield code="c">207 x 141 (157 x 113) mm. bound to 212 x 148 mm.</subfield></datafield><datafield tag="500" ind1=" " ind2=" "><subfield code="a">Shelfmark: Ann Arbor, University of Michigan, Special Collections Library, Isl. Ms. 871</subfield></datafield><datafield tag="500" ind1=" " ind2=" "><subfield code="a">Origin: Lacks dated colophon though discussion of diagrams on p.3 address the years 1064-1066 [1653-6] ; paper, etc. suggests 17th century ; dated birth notice on p.15 provides rough terminus ante quem of 1712.</subfield></datafield><datafield tag="500" ind1=" " ind2=" "><subfield code="a">Former shelfmark: Mich. Isl. Ms. temp. no. 20</subfield></datafield><datafield tag="500" ind1=" " ind2=" "><subfield code="a">Binding: Boards covered in mauve cloth with red-brown leather over spine and board corners (half binding) ; Western style binding ; pastedowns and flyleaves in untinted laid paper ; spine carries raised bands and is gold-stamped "RUZNAME-I-HAZRET-I-SHEYKH VEFA" ; sewn in white thread, eight stations, rather tightly bound ; stuck-on endbands in yellow ; head edge gilt ; overall in fairly good condition.</subfield></datafield><datafield tag="500" ind1=" " ind2=" "><subfield code="a">Support: European laid paper with 7 laid lines per cm. (vertical), chain lines spaced 26-27 mm. apart (horizontal), and countermark "V G" under trefoil visible (see p.6, etc.) ; pastedowns/flyleaves and added leaves in a much later laid paper.</subfield></datafield><datafield tag="500" ind1=" " ind2=" "><subfield code="a">Decoration: Simple 'headpieces' carry headings for most of the tables, consisting of rectangular pieces with cartouches set in fields of green, blue or red ; written area surrounded by triple rule-border in red and black ; keywords, headings and some numerals and symbols (in tables and diagrams) rubricated ; consisting mainly of tables and diagrams.</subfield></datafield><datafield tag="500" ind1=" " ind2=" "><subfield code="a">Script: Naskh ; compact Turkish hand ; mainly serifless with slight effect of tilt to the left, many closed counters, curvilinear descenders, pointing (for two and three dots) mainly in strokes rather than distinct dots, freely ligatured.</subfield></datafield><datafield tag="500" ind1=" " ind2=" "><subfield code="a">Layout: Varies though each page after opening with circular diagrams (see p.2) typically with 5 lines of text above table and a varying numer of lines adjacent to table ; frame-ruled.</subfield></datafield><datafield tag="500" ind1=" " ind2=" "><subfield code="a">Collation: ix, IV (8), ix ; nine blank added leaves (including flyleaves) inserted before and after leaves carrying the text ; pagination in pencil, Western numerals, center of lower margin on the recto of each leaf only ; pagination in pencil, Western numerals, supplied during digitization (does not include added leaves).</subfield></datafield><datafield tag="500" ind1=" " ind2=" "><subfield code="a">Explicit: "احتراز لازمدر رياضتدن وسوار اولمقدن الله اعلم"</subfield></datafield><datafield tag="500" ind1=" " ind2=" "><subfield code="a">Incipit: "اكر يكشنبه حرفندن غفلت اولنور ..."</subfield></datafield><datafield tag="500" ind1=" " ind2=" "><subfield code="a">Title from rubricated heading at opening on p.2.</subfield></datafield><datafield tag="500" ind1=" " ind2=" "><subfield code="a">Ms. codex.</subfield></datafield><datafield tag="510" ind1="4" ind2=" "><subfield code="a">King, D. A Survey of the scientific manuscripts in the Egyptian National Library (Winona Lake, 1986),</subfield><subfield code="c">no. H2</subfield></datafield><datafield tag="510" ind1="4" ind2=" "><subfield code="a">Brit. Mus. Cat. Turkish MSS,</subfield><subfield code="c">p. 122b</subfield></datafield><datafield tag="520" ind1="8" ind2=" "><subfield code="a">Fine copy of the calendar or almanac of Şeyh Vefa (Muslihittin Mustafa, d.1490) comprised mainly of tables for calendar conversion, etc. with instructions in Turkish.</subfield></datafield><datafield tag="538" ind1=" " ind2=" "><subfield code="a">Mode of access: Internet.</subfield></datafield><datafield tag="541" ind1=" " ind2=" "><subfield code="c">Gift ;</subfield><subfield code="a">Acquired from Frank E. Nuttall (1875-1943).</subfield></datafield><datafield tag="546" ind1=" " ind2=" "><subfield code="a">Ottoman Turkish.</subfield></datafield><datafield tag="561" ind1=" " ind2=" "><subfield code="a">Several birth notices with details of the time of birth on final leaf, in margin of p.15 for a son (dated 9 Ṣafar 1124 [ca. 18 March 1712]) and on p.16 for two daughters (one for a daughter Emine / امينه [?] dated 24 Rabīʻ I 1193 [ca. 11 April 1779], the other for a daughter Ayşe / عايشه dated 13 [?] Ṣafar 1195 [ca. 19 Februrary 1781]) ; other excerpts and effaced statements on final leaf (p.16) ; gloss for each table in outer ruled margin (under rubricated heading ملحمه).</subfield></datafield><datafield tag="650" ind1=" " ind2="0"><subfield code="a">Manuscripts, Turkish</subfield><subfield code="z">Michigan</subfield><subfield code="z">Ann Arbor.</subfield></datafield><datafield tag="650" ind1=" " ind2="0"><subfield code="a">Perpetual calendars</subfield><subfield code="v">Early works to 1800.</subfield></datafield><datafield tag="650" ind1=" " ind2="0"><subfield code="a">Islamic calendar</subfield><subfield code="v">Early works to 1800.</subfield></datafield><datafield tag="700" ind1="1" ind2=" "><subfield code="a">Nuttall, Frank E.,</subfield><subfield code="d">1875-1943,</subfield><subfield code="e">former owner.</subfield></datafield><datafield tag="773" ind1="0" ind2=" "><subfield code="a">F. E. Nuttall Collection.</subfield></datafield><datafield tag="880" ind1="1" ind2="0"><subfield code="6">245-03/</subfield><subfield code="a">روزنامۀ حضرت شيخ وفاء,</subfield><subfield code="f">[القرن 17م؟].</subfield></datafield><datafield tag="880" ind1="0" ind2=" "><subfield code="6">100-01/</subfield><subfield code="a">.شيخ وفاء.</subfield></datafield><datafield tag="CID" ind1=" " ind2=" "><subfield code="a">006837230</subfield></datafield><datafield tag="DAT" ind1="0" ind2=" "><subfield code="a">20190719102641.0</subfield><subfield code="b">20190719000000.0</subfield></datafield><datafield tag="DAT" ind1="1" ind2=" "><subfield code="a">20190719090653.0</subfield><subfield code="b">2019-07-19T16:10:55Z</subfield></datafield><datafield tag="DAT" ind1="2" ind2=" "><subfield code="a">2015-10-02T18:00:03Z</subfield></datafield><datafield tag="CAT" ind1=" " ind2=" "><subfield code="a">SDR-MIU</subfield><subfield code="d">EX LIBRIS - ALEPH</subfield><subfield code="l">prepare.pl-004-008</subfield></datafield><datafield tag="FMT" ind1=" " ind2=" "><subfield code="a">BK</subfield></datafield><datafield tag="HOL" ind1=" " ind2=" "><subfield code="0">sdr-miu006837230</subfield><subfield code="a">MiU</subfield><subfield code="b">SDR</subfield><subfield code="c">MIU</subfield><subfield code="p">mdp.39015079132489</subfield><subfield code="s">MIU</subfield><subfield code="1">006837230</subfield></datafield><datafield tag="974" ind1=" " ind2=" "><subfield code="b">MIU</subfield><subfield code="c">MIU</subfield><subfield code="d">20190719</subfield><subfield code="s">lit-dlps-dc</subfield><subfield code="u">mdp.39015079132489</subfield><subfield code="y">1699</subfield><subfield code="r">pd</subfield><subfield code="q">bib</subfield><subfield code="t">non-US bib date1 &lt; 1896</subfield></datafield></record></collection>